@inproceedings{BDJJS:PN:18,
author ={F.M. Boenneland and J. Dyhr and P.G. Jensen and M. Johannsen and J. Srba},
title ={Simplification of CTL Formulae for Efficient Model Checking of Petri Nets},
booktitle ={Proceedings of the 39th International Conference on Application and Theory of {P}etri Nets and Concurrency ({Petri Nets}'18)},
year ={2018},
series ={LNCS},
volume ={10877},
pages ={143--163},
publisher ={Springer-Verlag},
pdf ={http://www.cs.aau.dk/~srba/files/BDJJS:PN:18.pdf},
ee ={https://link.springer.com/chapter/10.1007/978-3-319-91268-4_8},
doi ={10.1007/978-3-319-91268-4_8},
}
